<record><leader>00000cas a2200000 a 4500</leader><controlfield tag="001">12533077</controlfield><controlfield tag="008">850910d18961905ksuwr ne      0    0eng d</controlfield><datafield ind1=" " ind2=" " tag="010"><subfield code="a">sn 85032675 </subfield></datafield><datafield ind1=" " ind2=" " tag="040"><subfield code="a">KSH</subfield><subfield code="b">eng</subfield><subfield code="c">KSH</subfield><subfield code="d">NPT</subfield><subfield code="d">OCL</subfield><subfield code="d">OCLCQ</subfield></datafield><datafield ind1=" " ind2=" " tag="042"><subfield code="a">msc</subfield></datafield><datafield ind1="0" ind2=" " tag="130"><subfield code="a">Salina weekly union (Salina, Kan. : 1896)</subfield></datafield><datafield ind1="1" ind2="4" tag="245"><subfield code="a">The Salina weekly union.</subfield></datafield><datafield ind1=" " ind2=" " tag="260"><subfield code="a">Salina, Kan. :</subfield><subfield code="b">Central Kansas Pub. Co.,</subfield><subfield code="c">1896-1905.</subfield></datafield><datafield ind1=" " ind2=" " tag="300"><subfield code="a">9 v. :</subfield><subfield code="b">ill. ;</subfield><subfield code="c">54 cm.</subfield></datafield><datafield ind1=" " ind2=" " tag="310"><subfield code="a">Weekly</subfield></datafield><datafield ind1="0" ind2=" " tag="362"><subfield code="a">Vol. 6, no. 21 (Feb. 14, 1896)-v. 15, no. 34 (May 4, 1905).</subfield></datafield><datafield ind1=" " ind2=" " tag="500"><subfield code="a">Published by: H.N. Gaines, Apr. 3, 1896-Sept. 7, 1900; J.S. Cobb, Sept. 14, 1900-May 4, 1905.</subfield></datafield><datafield ind1=" " ind2=" " tag="500"><subfield code="a">"Official paper of Alliance and People's Party of Saline Co."</subfield></datafield><datafield ind1=" " ind2=" " tag="580"><subfield code="a">Issued also in daily editions called: Salina union (Salina, Kan. : 1898) June 13, 1898-Jan. 28, 1899; Salina daily union, Jan. 30, 1899-May 4, 1905.</subfield></datafield><datafield ind1=" " ind2=" " tag="752"><subfield code="a">United States</subfield><subfield code="b">Kansas</subfield><subfield code="c">Saline</subfield><subfield code="d">Salina.</subfield></datafield><datafield ind1="1" ind2=" " tag="775"><subfield code="t">Salina union (Salina, Kan. : 1898)</subfield><subfield code="w">(DLC)sn 85032681</subfield></datafield><datafield ind1="1" ind2=" " tag="775"><subfield code="t">Salina daily union</subfield><subfield code="w">(DLC)sn 85032682</subfield></datafield><datafield ind1="0" ind2="0" tag="780"><subfield code="t">Salina union (Salina, Kan. : 1890)</subfield><subfield code="w">(DLC)sn 85032674</subfield></datafield><datafield ind1="0" ind2="0" tag="785"><subfield code="t">Salina union twice-a-week</subfield><subfield code="w">(DLC)sn 85032676</subfield></datafield><datafield ind1="1" ind2=" " tag="029"><subfield code="a">AU@</subfield><subfield code="b">000022166728</subfield></datafield></record>